@article{huang83,
  title={A Note on The Binding Theory},
  author={Huang, C.T. James},
  journal={Linguistic Inquiry},
  pages={554--561},
  year={1983}}

@Book{borer05,
  author = 	 {Borer, Hagit},
  title = 	 {Structuring Sense, Volume 1: In Name Only},
  publisher = 	 {Oxford UP},
  year = 	 2005,
  address = 	 {Oxford}}

@InCollection{kratzer96,
  author = 	 {Kratzer, Angelika},
  title = 	 {Severing the External Argument from Its Verb},
  booktitle = 	 {Phrase Structure and the Lexicon},
  pages = 	 {109--137},
  publisher = {Kluwer},
  year = 	 1996,
  editor = 	 {Rooryck, Johan and Zaring, Laurie},
  address = 	 {Dodrecht}}

@Unpublished{bennett09,
  author = 	 {Bennett, Ryan},
  title = 	 {wh-Reciprocals, Quantifier Raising, and Phases},
  note = 	 {Ms (Synax C Paper), UCSC},
  year = 	 2009}

@Article{dealToAppear,
  author = 	 {Deal, Amy Rose},
  title = 	 {Ergative Case and the Transitive Subject: A View from {N}ez {P}erce},
  journal = 	 {Natural Language and Linguistic Theory},
  year = 	 {To Appear}}

@PhdThesis{picallo85,
  author = 	 {Picallo, M.C.},
  title = 	 {Opaque Domains},
  school = 	 {CUNY Graduate Center},
  year = 	 1985}

@article{naatanen97,
  title={Language-specific phoneme representations revealed by electric and magnetic brain responses},
  author={N{\"a}{\"a}t{\"a}nen, R. and Lehtokoski, A. and Lennes, M. and Cheour, M. and Huotilainen, M. and Iivonen, A. and Vainio, M. and Alku, P. and Ilmoniemi, R.J. and Luuk, A. and others},
  journal={Nature},
  volume={385},
  number={6615},
  pages={432--434},
  year={1997}}